% Encoding: UTF-8

@Online{SCZYRBA2020,
  author  = {Sczyrba, Dominic and Pohle, Colin and Hille, Willy},
  date    = {2020},
  title   = {LaTeX Vorlage Staatliche Studienakademie Glauchau},
  url     = {https://github.com/DSczyrba/Vorlage-Latex},
  urldate = {2020-07-15},
}

@Online{HILLE2021,
  author  = {Willy Hille},
  date    = {2021},
  title   = {A docker container for building LaTeX documents},
  url     = {https://github.com/jemand771/latex-build/pkgs/container/latex-build},
  urldate = {2021-08-17},
  }

@Online{HAWA,
  author   = {{Staatliche Studienakademie Glauchau}},
  title    = {Hinweise zur Anfertigung wissenschaftlicher Arbeiten},
  url      = {https://www.ba-glauchau.de/fileadmin/glauchau/waehrend-des-studium/dokumente/pruefungen/4BA-F.207_Hinweise_zur_Anfertigung_wissenschaftlicher_Arbeiten.pdf},
  urldate  = {2020-06-12},
  keywords = {HAWA, arbeiten, vorlage, latex},
}

@Comment{jabref-meta: databaseType:biblatex;}
